@book{lefebvre_production_1991,
  location = {{Oxford, \uk; Cambridge, Mass., \usa}},
  edition = {1st Ed.},
  title = {The {{Production}} of {{Space}}},
  pagetotal = {464},
  langid = {english},
  publisher = {{Wiley-Blackwell}},
  author = {Lefebvre, Henri},
  translator = {Nicholson-Smith, Donald},
  date = {1991-08-15},
}

@incollection{schmidt_henry_2008,
  title = {Henry {{Lefebrve}}'s Theory of the Production of Space: {{Towards}} a Three Dimensional Dialectic},
  shorttitle = {Henry {{Lefebrve}}'s Theory of the Production of Space},
  booktitle = {Space, {{Difference}}, {{Everyday Life}}: {{Reading Henri Lefebvre}}},
  publisher = {{Routledge}},
  author = {Schmidt, Christian},
  date = {2008},
  pages = {27--45},
  keywords = {s3},
}

@article{dikec_space_2012,
  title = {Space as a Mode of Political Thinking},
  volume = {43},
  number = {4},
  journaltitle = {Geoforum},
  shortjournal = {Geoforum},
  series = {Space, Contestation and the Political},
  author = {Dikeç, Mustafa},
  date = {2012-06},
  pages = {669--676},
}

@article{canovan_politics_1985,
  title = {Politics as {{Culture}}: {{Hannah Arendt}} and the {{Public Realm}}},
  volume = {6},
  shorttitle = {Politics as {{Culture}}},
  number = {3},
  journaltitle = {History of Political Thought},
  author = {Canovan, M.},
  date = {1985},
  pages = {617},
}

@inreference{_politics_2006,
  title = {politics, n.},
  author = {\oed},
  url = {http://www.oed.com/view/Entry/237575},
  booktitle = {Oxford {{English Dictionary Online}}},
  publisher = {{Oxford University Press}},
  urldate = {2017-07-07},
  date = {2006}
}

@incollection{hou_not_2010,
  title = {({{Not}}) Your Everyday Public Space},
  booktitle = {Insurgent {{Public Space}}},
  publisher = {{Routledge}},
  author = {Hou, Jeffrey},
  editor = {Hou, Jeffrey},
  date = {2010},
  pages = {1--17}
}

@incollection{arendt_introduction_2005,
  title = {Introduction into {{Politics}}},
  booktitle = {The {{Promise}} of {{Politics}}},
  publisher = {{Schocken Books}},
  author = {Arendt, Hannah},
  editor = {Kohn, Jerome},
  date = {2005},
  pages = {93--200},
}

@book{ranciere_et_2009,
  location = {{Paris}},
  title = {Et tant pis pour les gens fatigués: entretiens},
  shorttitle = {Et tant pis pour les gens fatigués},
  langid = {french},
  publisher = {{Amsterdam}},
  author = {Rancière, Jacques},
  date = {2009}
}

@article{ranciere_politics_2003,
  title = {Politics and {{Aesthetics}}: An {{Interview}}},
  volume = {8},
  number = {2},
  journaltitle = {Angelaki},
  author = {Rancière, Jacques},
  date = {2003},
  pages = {191--211},
}

@book{henaff_public_2001,
  title = {Public {{Space}} and {{Democracy}}},
  pagetotal = {252},
  langid = {english},
  publisher = {{University of Minnesota Press}},
  author = {Hénaff, Marcel and Strong, Tracy B.},
  date = {2001},
}

@article{martin_space_2003,
  title = {Space, {{Scale}}, {{Governance}}, and {{Representation}}: {{Contemporary Geographical Perspectives}} on {{Urban Politics}} and {{Policy}}},
  volume = {25},
  shorttitle = {Space, {{Scale}}, {{Governance}}, and {{Representation}}},
  langid = {english},
  number = {2},
  journaltitle = {Journal of Urban Affairs},
  author = {Martin, Deborah and McCann, Eugene and Purcell, Mark},
  date = {2003-05-01},
  pages = {113--121},
}

@article{arnstein_ladder_1969,
  title = {A {{Ladder Of Citizen Participation}}},
  volume = {35},
  number = {4},
  journaltitle = {Journal of the American Institute of Planners},
  author = {Arnstein, Sherry R.},
  date = {1969-07-01},
  pages = {216--224},
}

@incollection{franck_tying_2006,
  location = {{London ; New York}},
  title = {Tying {{Down Loose Space}}},
  langid = {english},
  booktitle = {Loose {{Space}}: {{Possibility}} and {{Diversity}} in {{Urban Life}}},
  publisher = {{Routledge}},
  author = {Franck, Karen and Stevens, Quentin},
  editor = {Franck, Karen and Stevens, Quentin},
  date = {2006-11-06},
  pages = {1--33},
}

@incollection{sheringham_indeterminacy_2006,
  title = {The {{Indeterminacy}} of the {{Everyday}}},
  booktitle = {Everyday {{Life}}: {{Theories}} and {{Practices From Surrealism}} to the {{Present}}},
  publisher = {{Oxford University Press}},
  author = {Sheringham, Michael},
  date = {2006},
  pages = {16--58},
}

@incollection{lefebvre_critique_1991,
  location = {{London, \uk; New York, \usa}},
  edition = {2nd Ed.},
  title = {Forword to the {{Second Edition}}},
  volume = {1},
  volumes = {3},
  langid = {english},
  booktitle = {Critique of {{Everyday Life}}},
  publisher = {{Verso}},
  author = {Lefebvre, Henri},
  translator = {Moore, John},
  date = {1991},
  pages = {1--100},
}

@book{brownell_training_1995,
  location = {{Chicago}},
  edition = {2nd Ed.},
  title = {Training the {{Body}} for {{China}}: {{Sports}} in the {{Moral Order}} of the {{People}}'s {{Republic}}},
  shorttitle = {Training the {{Body}} for {{China}}},
  pagetotal = {406},
  langid = {english},
  publisher = {{University Of Chicago Press}},
  author = {Brownell, Susan},
  date = {1995-08-01}
}

@incollection{chen_dancing_2010,
  location = {{London; New York}},
  title = {Dancing in the Streets of {{Beijing}}: {{Improvised}} Uses within the Urban System},
  booktitle = {Insurgent {{Public Space}}},
  publisher = {{Routledge}},
  author = {Chen, Caroline},
  editor = {Hou, Jeffrey},
  date = {2010},
  pages = {21--35}
}

@book{de_certeau_practice_1984,
  title = {The {{Practice}} of {{Everyday Life}}},
  pagetotal = {229},
  langid = {english},
  publisher = {{University of California Press}},
  author = {{de Certeau}, Michel},
  translator = {Rendall, Steven F.},
  date = {1984-01},
  options = {useprefix=true}
}

@article{jacobs_cutting_2015,
  entrysubtype = {newspaper},
  edition = {New York},
  title = {Cutting in on {{China}}'s `Dancing Grannies'},
  journaltitle = {The New York Times},
  number = {25 March 2015},
  author = {Jacobs, Andrew},
  date = {2015-03-25},
  pages = {A4},
}

@book{scott_weapons_2008,
  title = {Weapons of the {{Weak}}: {{Everyday Forms}} of {{Peasant Resistance}}},
  shorttitle = {Weapons of the {{Weak}}},
  pagetotal = {422},
  langid = {english},
  publisher = {{Yale University Press}},
  author = {Scott, James C.},
  date = {2008},
}

@incollection{silverberg_social_1968,
  title = {Social {{Consequences}} of an {{Unsuccessful Low Caste Movement}}},
  abstract = {Comparative Studies in Society and History, Supplement III.},
  langid = {english},
  booktitle = {Social {{Mobility}} in the {{Caste System}} in {{India}}: {{An Interdisciplinary Symposium}}},
  publisher = {{Mouton De Gruyter}},
  author = {Harper, Edward B.},
  editor = {Silverberg, James},
  date = {1968-12},
  pages = {49}
}

@book{nelson_computer_1974,
  location = {{United States}},
  title = {Computer {{Lib}}/{{Dream Machines}}},
  langid = {english},
  publisher = {{Self-published}},
  author = {Nelson, Theodor H.},
  date = {1974},
}

@incollection{mcluhan_introduction_1994,
  title = {Introduction},
  langid = {english},
  booktitle = {Understanding Media: The Extensions of Man},
  publisher = {{\smallcaps{mit} Press}},
  author = {McLuhan, Marshall},
  date = {1994},
  pages = {3--6},
}

@article{juris_new_2005,
  title = {The {{New Digital Media}} and {{Activist Networking}} within {{Anti}}-{{Corporate Globalization Movements}}},
  volume = {597},
  journaltitle = {The Annals of the American Academy of Political and Social Science},
  author = {Juris, Jeffrey S.},
  date = {2005},
  pages = {189--208},
}

@article{harlow_collective_2012,
  title = {Collective {{Action}} on the {{Web}}},
  volume = {15},
  number = {2},
  journaltitle = {Information, Communication \& Society},
  author = {Harlow, Summer and Harp, Dustin},
  date = {2012-03-01},
  pages = {196--216},
}

@unpublished{brown_wiring_2009,
  title = {Wiring a Web for Global Good},
  url = {https://www.ted.com/talks/gordon_brown},
  eventtitle = {{{TEDGlobal}} 2009},
  author = {Brown, Gordon},
  urldate = {2017-07-15},
  date = {2009},
}

@article{dencik_alternative_2013,
  title = {Alternative News Sites and the Complexities of 'Space'},
  volume = {15},
  number = {8},
  journaltitle = {New Media \& Society},
  author = {Dencik, Lina},
  date = {2013-12},
  pages = {1207--1233},
}

@online{curran_why_2012,
  title = {Why Has the {{Internet}} Changed so Little?},
  url = {http://www.opendemocracy.net/james-curran/why-has-internet-changed-so-little},
  journaltitle = {openDemocracy},
  author = {Curran, James},
  urldate = {2017-07-14},
  date = {2012},
}

@book{chadwick_internet_2006,
  location = {{Oxford, New York}},
  title = {Internet {{Politics}}: {{States}}, {{Citizens}}, and {{New Communication Technologies}}},
  shorttitle = {Internet {{Politics}}},
  pagetotal = {400},
  publisher = {{Oxford University Press}},
  author = {Chadwick, Andrew},
  date = {2006-03-23},
}

@book{curran_misunderstanding_2012,
  title = {Misunderstanding the {{Internet}}},
  isbn = {978-0-415-57956-8},
  pagetotal = {194},
  langid = {english},
  publisher = {{Routledge}},
  author = {Curran, James and Fenton, Natalie and Freedman, Des},
  date = {2012},
}

@unpublished{oh_end_2004,
  location = {{Istanbul, Turkey}},
  title = {The {{End}} of 20th {{Century Journalism}}: `{{Every Citizen}} Is a {{Reporter}}'},
  shorttitle = {The {{End}} of 20 Th {{Century Journalism}}},
  eventtitle = {Address to the 2004 {{World Association}} of  {{Newspapers}} Conference},
  author = {Oh, Yean Ho},
  date = {2004-05-31},
}

@book{dencik_media_2011,
  title = {Media and {{Global Civil Society}}},
  pagetotal = {216},
  langid = {english},
  publisher = {{Springer}},
  author = {Dencik, Lina},
  date = {2011-11-20},
}

@inreference{_protest_2007,
  title = {protest, n.},
  author = {\oed},
  url = {http://www.oed.com/view/Entry/153191},
  booktitle = {Oxford {{English Dictionary Online}}},
  publisher = {{Oxford University Press}},
  urldate = {2017-07-25},
  date = {2007}
}

@online{xinying_squares_2017,
  title = {Squares Go Quiet Ahead of Gaokao},
  url = {http://europe.chinadaily.com.cn/china/2017-06/06/content_29634719.htm},
  journaltitle = {China Daily},
  author = {Xinying Zhao},
  urldate = {2017-07-28},
  date = {2017-06-06},
}

@online{graham_internet_2013,
  title = {Internet {{Population}} and {{Penetration}}},
  url = {http://geography.oii.ox.ac.uk/?page=internet-population-and-penetration},
  journaltitle = {Information Geographies at the Oxford Internet Institution},
  author = {Graham, Mark and Sabbata, Stefano De},
  urldate = {2017-07-28},
  date = {2013},
}

@article{__2001,
  entrysubtype = {newspaper},
  title = {全国宣传部长会议在京召开\ 江泽民与出席会议同志座谈并作重要讲话},
  journaltitle = {人民日报},
  journalsubtitle = {1st Jan},
  author = {秦, 杰 and 刘, 振英 and 武, 卫政},
  date = {2001-01-11},
  pages = {1}
}

@book{kuhn_man_2005,
  location = {{New York}},
  title = {The {{Man Who Changed China}}: {{The Life}} and {{Legacy}} of {{Jiang Zemin}}},
  shorttitle = {The {{Man Who Changed China}}},
  pagetotal = {720},
  langid = {english},
  publisher = {{Crown}},
  author = {Kuhn, Robert Lawrence},
  date = {2005-01-11}
}

@article{__2008-1,
  title = {第二次大戦後における日本兵シベリア抑留問題},
  volume = {15},
  url = {http://www.for.aichi-pu.ac.jp/~kshiro/orosia15-4.html},
  number = {4},
  journaltitle = {「おろしゃ会」会報},
  author = {戸松, 建二},
  urldate = {2017-08-03},
  date = {2008},
}

@thesis{__2011,
  title = {改革开放以来中国的西方文化热研究},
  langid = {中文;},
  institution = {{辽宁大学}},
  type = {Master},
  author = {解, 红},
  date = {2011},
}

@online{__2004,
  title = {威权统治下的中国现状与前景},
  url = {http://heqinglian.net/2004/06/30/china-authoritarian-rule/},
  journaltitle = {清涟居},
  author = {何,清涟},
  urldate = {2017-08-04},
  date = {2004-06-30},
}

@letter{wang_first_1987,
  title = {First {{Electronic Mail}} from {{China}} to {{Germany}}},
  type = {E-Mail},
  author = {Wang, Yuen Fung and Li, Cheng Chiung and Qiu, Lei Nan and Ruan, Ren Cheng and Wei, Bao Xian and Zhu, Jiang and Zhao, Li Hua},
  editora = {Zorn, Werner and Finken, Michael and Paulisch, Stefan and Rotert, Michael and Wrecker, Gerhard and Lackner, Hans},
  editoratype = {collaborator},
  date = {1987-09-14}
}

@incollection{shrum_origin_2007,
  location = {{New York}},
  title = {The Origin and Early Development of the Internet and of the {{Netizen}}: Their Impact on Science and Society},
  langid = {english},
  booktitle = {Past, {{Present}} and {{Future}} of {{Research}} in the {{Information Society}}},
  publisher = {{Springer Science+Business Media}},
  author = {Hauben, Ronda and Hauben, Jay and Zom, Werner and Chon, Kilnam and Ekeland, Anders},
  editor = {Shrum, Wesley and Benson, Keith and Bijker, Wiebe and Brunnstein, Klaus},
  date = {2007-12-14},
  pages = {47--62},
}

@online{cernic_evolution_2001,
  title = {Evolution of {{Internet}} in {{China}}},
  url = {http://www.edu.cn/introduction_1378/20060323/t20060323_4285.shtml},
  journaltitle = {China Education and Research Network},
  author = {\cernic and \cernet},
  urldate = {2017-08-05},
  date = {2001},
}

@online{internet_live_stats_internet_2016,
  title = {Internet Users in the World},
  url = {http://www.internetlivestats.com/internet-users/},
  journaltitle = {Internet Live Stats},
  author = {{Internet Live Stats}},
  urldate = {2017-08-06},
  date = {2016},
}

@online{cnnic__2016,
  title = {中国互联网络信息中心},
  url = {http://www.cnnic.cn/},
  date ={2016},
  author = {\cnnic},
  urldate = {2017-08-06},
}

@misc{__1996,
  title = {中国公用计算机互联网国际联网管理办法},
  author = {\mpt},
  date = {1996}
}

@article{_great_2011,
  entrysubtype = {newspaper},
  edition = {18th Feb},
  title = {Great {{Firewall}} Father Speaks Out},
  journaltitle = {Global Times},
  date = {2011-02-18},
}

@article{barme_great_1997,
  title = {The {{Great Firewall}} of {{China}}},
  volume = {5},
  issue = {June},
  number = {6},
  journaltitle = {WIRED},
  author = {Barmé, Geremie and Ye, Sang},
  date = {1997},
  pages = {138--151, 182},
}

@article{herold_escaping_2012,
  title = {Escaping the {{World}}: {{A Chinese Perspective}} on {{Virtual Worlds}}},
  volume = {5},
  shorttitle = {Escaping the {{World}}},
  langid = {english},
  number = {2},
  journaltitle = {Journal For Virtual Worlds Research},
  author = {Herold, David Kurt},
  date = {2012-08-01},
  pages = {1--16},
}

@incollection{herold_noise_2011,
  title = {Noise, Spectacle, Politics: {{Carnival}} in {{Chinese}} Cyberspace.},
  langid = {english},
  booktitle = {Online {{Society}} in {{China}}: {{Creating}}, {{Celebrating}}, and {{Instrumentalising}} the {{Online Carnival}}},
  publisher = {{Taylor \& Francis}},
  author = {Herold, David Kurt},
  editor = {Herold, David Kurt and Marolt, Peter},
  date = {2011-03-25},
  pages = {1--19},
}

@article{global_times_great_2011,
  entrysubtype = {newspaper},
  title = {Great {{Firewall}} Father Speaks Out},
  journaltitle = {Global Times},
  journalsubtitle = {18th Feb},
  author = {{Global Times}},
  date = {2011-02-18},
}

@article{zhang_behind_2006,
  title = {Behind the `{{Great Firewall}}': {{Decoding China}}'s {{Internet Media Policies}} from the {{Inside}}},
  volume = {12},
  langid = {english},
  number = {3},
  journaltitle = {Convergence},
  shortjournal = {Convergence},
  author = {Zhang, Lena L.},
  date = {2006-08-01},
  pages = {271--291},
}

@book{price_media_2002,
  location = {{Cambridge, Mass}},
  title = {Media and {{Sovereignty}}: {{The Global Information Revolution}} and {{Its Challenge}} to {{State Power}}},
  shorttitle = {Media and {{Sovereignty}}},
  pagetotal = {352},
  langid = {english},
  publisher = {{\smallcaps{mit} Press}},
  author = {Price, Monroe E.},
  date = {2002-09-16}
}

@online{xu_deconstructing_2016,
  title = {Deconstructing the {{Great Firewall}} of {{China}}},
  url = {https://blog.thousandeyes.com/deconstructing-great-firewall-china/},
  journaltitle = {ThousandEyes Blog},
  author = {Xu, Young},
  urldate = {2017-08-08},
  date = {2016},
}

@article{yuen_becoming_2015,
  title = {Becoming a Cyber Power: {{China}}'s Cybersecurity Upgrade and Its Consequences},
  shorttitle = {Becoming a Cyber Power},
  number = {2},
  journaltitle = {China Perspectives},
  author = {Yuen, Samson},
  date = {2015},
  pages = {53},
}

@article{perlroth_chinese_2015,
  entrysubtype = {newspaper},
  edition = {New York},
  title = {Chinese {{Tool Is Suspected}} in {{Web Attack}}},
  langid = {american},
  journaltitle = {The New York Times},
  journalsubtitle = {11th Apr Technology},
  author = {Perlroth, Nicole},
  date = {2015-04-10},
  pages = {B1},
}

@article{the_associated_press_yahoo_2007,
  entrysubtype = {newspaper},
  edition = {New York},
  title = {Yahoo {{Criticized}} in {{Case}} of {{Jailed Dissident}}},
  langid = {american},
  journaltitle = {The New York Times},
  journalsubtitle = {7th Nov Technology},
  author = {{The Associated Press}},
  date = {2007-11-07},
  pages = {C3},
}

@article{the_guardian_chinese_2002,
  entrysubtype = {newspaper},
  edition = {16th Jul},
  title = {Chinese Sites Agree to Censor Content},
  url = {http://www.theguardian.com/technology/2002/jul/16/onlinesecurity.internetnews},
  langid = {british},
  journaltitle = {The Guardian},
  journalsubtitle = {World news},
  author = {{The Guardian}},
  urldate = {2017-08-08},
  date = {2002-07-16},
}

@online{_8_2016,
  title = {中國再要求網站加強自我審查，提出總編輯負責制等8項要求},
  url = {https://theinitium.com/article/20160818-dailynews-china-internet-control/},
  journaltitle = {端傳媒},
  author = {{端傳媒}},
  urldate = {2017-08-08},
  date = {2016},
}

@online{brandom_last_2015,
  title = {Last Night, {{GitHub}} Was Hit with Massive Denial-of-Service Attack from {{China}}},
  url = {https://www.theverge.com/2015/3/27/8299555/github-china-ddos-censorship-great-firewall},
  journaltitle = {The Verge},
  author = {Brandom, Russell},
  urldate = {2017-08-08},
  date = {2015-03-27},
}

@online{__????-16,
  title = {每周转载：关于 {{GitHub}} 和 {\gfw} 的 {\smallcaps{PK}}},
  url = {https://program-think.blogspot.com/2013/02/weekly-share-39.html},
  timestamp = {2017-08-08T13:24:06Z},
  journaltitle = {编程随想},
  author = {{编程随想}},
  urldate = {2017-08-08},
  date = {2013},
}

@article{_jiang_2016,
  entrysubtype = {magazine},
  title = {Jiang of {{Jiang Hall}}},
  volume = {420},
  issue = {July},
  journaltitle = {The Economist},
  author = {{The Economist}},
  date = {2016},
  pages = {34},
}

@online{__????-162,
  title = {大成漫画：锐箭射穿蛤蟆精},
  url = {http://www.epochtimes.com/gb/15/7/21/n4485353.htm},
  journaltitle = {大纪元},
  author = {{大成}},
  urldate = {2017-08-08},
  date = {2015},
}

@misc{wallace_president_2000,
  title = {60 Minutes: President {{Jiang Interview}}},
  journaltitle = {60 Minutes},
  booktitle = {60 {{Minutes}}},
  note = {Premiered on \smallcaps{cbs}},
  editora = {Zemin, Jiang},
  author = {Wallace, Mike},
  editoratype = {collaborator},
  date = {2000-09-04}
}

@misc{pbs_nc_2000,
  title = {新闻透视 29th {{Oct}}},
  note = {Premiered on {翡翠台}},
  author = {翡翠台},
  date = {2000}
}

@article{landler_leader_2000,
  entrysubtype = {newspaper},
  edition = {29th Oct},
  title = {Leader of {{China Angrily Chastises Hong Kong Media}}},
  url = {https://www.nytimes.com/2000/10/29/world/leader-of-china-angrily-chastises-hong-kong-media.html},
  langid = {american},
  journaltitle = {The New York Times},
  journalsubtitle = {World},
  author = {Landler, Mark},
  urldate = {2017-08-08},
  date = {2000-10-29},
}

@online{google_google_????,
  title = {Google {{Trends}}},
  url = {https://trends.google.com/trends/explore},
  author = {{Google}},
  urldate = {2017-08-09}
}

@online{central_compilation__translation_bureau_2015_2015,
  title = {中央文献重要术语译文发布（2015年第七期）},
  url = {http://www.cctb.net/bygz/zywxsy/201510/t20151019_330016.htm},
  author = {{Central Compilation \& Translation Bureau}},
  urldate = {2017-08-09},
  date = {2015},
}

@article{yoshinari_blue_2017,
  title = {Blue {{Moon}}},
  journaltitle = {Little Witch Academia},
  issue = {Episode 11},
  publisher = {{Netflix}},
  editora = {Gee-George, Jessica and Han, Megumi and Heger, Rachelle},
  scriptwriter = {Monte, Christian La and Shimada, Michiru},
  author = {Yoshinari, Yô},
  editoratype = {collaborator},
  date = {2017-03-19},
  note = {\smallcaps{tv} Series},
}

@article{bbc_hong_2011,
  entrysubtype = {newspaper},
  title = {Hong {{Kong}} News Chief Quits over '{{Jiang}} Dead' Report},
  langid = {british},
  journaltitle = {\bbc News},
  journalsubtitle = {Asia-Pacific},
  author = {\bbc},
  date = {2011-09-06},
}

@article{blanchard_china_2011,
  entrysubtype = {newspaper},
  title = {China Denies Former President {{Jiang Zemin}} Has Died},
  journaltitle = {Reuters},
  author = {Blanchard, Ben},
  date = {2011-07-07},
  keywords = {Brian Rhoads,china,DonDurfee,JIANG/RUMOUR (URGENT)},
}

@incollection{shifman_introduction_2014,
  title = {Introduction},
  langid = {english},
  booktitle = {Memes in {{Digital Culture}}},
  publisher = {{\smallcaps{mit} Press}},
  author = {Shifman, Limor},
  date = {2014},
  pages = {1--8},
}

@article{johnson_mapping_2007,
  title = {Mapping the {{Meme}}: {{A Geographical Approach}} to {{Materialist Rhetorical Criticism}}},
  volume = {4},
  shorttitle = {Mapping the {{Meme}}},
  number = {1},
  journaltitle = {Communication and Critical/Cultural Studies},
  author = {Johnson, Davi},
  date = {2007-03-01},
  pages = {27--50},
}

@incollection{shifman_telegraphic_2014,
  title = {A {{Telegraphic Biography}} of a {{Conceptual Troublemaker}}},
  langid = {english},
  booktitle = {Memes in {{Digital Culture}}},
  publisher = {{\smallcaps{mit} Press}},
  author = {Shifman, Limor},
  date = {2014},
  pages = {9--16},
}

@misc{miit__2013,
  title = {电话用户真实身份信息登记规定},
  author = {\miit},
  date = {2013},
}

@online{miit__2015,
  title = {互联网用户账号名称管理规定},
  author = {\miit},
  date = {2015},
}

@online{__????-17,
  title = {许东在推特支持香港占中 被以“涉嫌寻衅滋事罪”带走},
  url = {http://www.rfa.org/mandarin/Xinwen/jyxw-11112014162707.html},
  author = {马, 平},
  date = {2014-11-11},
  urldate = {2017-08-10},
}

@article{branigan_occupy_2014,
  entrysubtype = {newspaper},
  title = {Occupy {{Central}} Gives Downtown {{Hong Kong}} a Taste of Disobedience},
  url = {http://www.theguardian.com/world/2014/mar/06/occupy-central-hong-kong-democracy-campaign},
  langid = {british},
  journaltitle = {The Guardian},
  journalsubtitle = {World news},
  author = {Branigan, Tania},
  urldate = {2017-08-10},
  date = {2014-03-06},
}

@article{_--_2014,
  entrysubtype = {newspaper},
  title = {从“自主”看“占中”背后的“港独”阴谋},
  journaltitle = {人民日报},
  journalsubtitle = {19th Oct},
  author = {何, 一民},
  date = {2014},
  pages = {04},
}

@misc{miit__2017,
  title = {工业和信息化部关于清理规范互联网网络接入服务市场的通知},
  author = {{miit}},
  date = {2017},
}

@misc{__waf,
  title = {中华人民共和国网络安全法},
  date = {2017},
}

@article{cohen_cultural_1993,
  title = {Cultural and {{Political Inventions}} in {{Modern China}}: {{The Case}} of the {{Chinese}} `{{Peasant}}'},
  volume = {122},
  shorttitle = {Cultural and {{Political Inventions}} in {{Modern China}}},
  number = {2},
  journaltitle = {Daedalus},
  author = {Cohen, Myron L.},
  date = {1993},
  pages = {151--170}
}

@article{beech_chinas_2016,
  title = {China’s {{Chairman Builds}} a {{Cult}} of {{Personality}}},
  volume = {187},
  issue = {13 [11th Apr]},
  journaltitle = {TIME},
  author = {Beech, Hannah and Siqi, Yang},
  date = {2016},
}

@online{mcnair_wechat_2017,
  title = {{{WeChat Users}} in {{China Will Surpass}} 490 {{Million This Year}}},
  url = {https://www.emarketer.com/Article/WeChat-Users-China-Will-Surpass-490-Million-This-Year/1016125},
  journaltitle = {eMarketer},
  author = {McNair, Corey},
  urldate = {2017-08-10},
  date = {2017},
}

@article{hernandez_winnie--pooh_2017,
  entrysubtype = {newspaper},
  edition = {New York},
  title = {Winnie-the-{{Pooh}}, {{Used}} to {{Mock President Online}}, {{Stirs Chinese Censors}}},
  langid = {american},
  journaltitle = {The New York Times},
  journalsubtitle = {18th Jul},
  author = {Hernández, Javier C.},
  date = {2017-07-17},
  pages = {A7},
}

@incollection{scott_behind_1990,
  title = {Behind the {{Official Story}}},
  langid = {english},
  booktitle = {Domination and the {{Arts}} of {{Resistance}}: {{Hidden Transcripts}}},
  publisher = {{Yale University Press}},
  author = {Scott, James C.},
  date = {1990},
  pages = {1--16},
}

@article{esarey_political_2008,
  title = {Political {{Expression}} in the {{Chinese Blogosphere}}: {{Below}} the {{Radar}}},
  volume = {48},
  shorttitle = {Political {{Expression}} in the {{Chinese Blogosphere}}},
  number = {5},
  journaltitle = {Asian Survey},
  author = {Esarey, Ashley and Qiang, Xiao},
  date = {2008},
  pages = {752--772},
}

@article{perry_studying_2007,
  title = {Studying {{Chinese Politics}}: {{Farewell}} to {{Revolution}}?},
  volume = {57},
  shorttitle = {Studying {{Chinese Politics}}},
  abstract = {Government},
  langid = {american},
  number = {1},
  journaltitle = {China Journal},
  author = {Perry, Elizabeth J.},
  date = {2007},
  pages = {1--22},
}

@online{chin_year_2015,
  title = {A {{Year After Xi}}'s {{Landmark Speech}} on the {{Arts}}, {{Some Things Get Left Out}}},
  url = {https://blogs.wsj.com/chinarealtime/2015/10/15/a-year-after-xis-landmark-speech-on-the-arts-some-things-get-left-out/},
  journaltitle = {The Wall Street Journal},
  author = {Chin, Josh},
  urldate = {2017-08-11},
  date = {2015}
}

@online{__2015-3,
  title = {习近平在文艺座谈会上的讲话首次公开发表（全文）},
  url = {http://news.ifeng.com/a/20151014/44928424_0.shtml},
  author = {{新华社}},
  urldate = {2017-08-11},
  date = {2015},
}

@online{alyssa_abkowitz_xi_2014,
  title = {Xi {{Jinping Isn}}'t a {{Fan}} of {{Weird Architecture}} in {{China}}},
  url = {https://blogs.wsj.com/chinarealtime/2014/10/17/xi-jinping-isnt-a-fan-of-weird-architecture-in-china/},
  journaltitle = {The Wall Street Journal},
  author = {Alyssa Abkowitz},
  editora = {Si, Ma},
  editoratype = {collaborator},
  urldate = {2017-08-11},
  date = {2014}
}

@online{__2016-2,
  title = {一位長者的死與生：中國網絡「膜蛤」的前世今生},
  url = {https://theinitium.com/article/20160824-mainland-toadworship/},
  journaltitle = {端傳媒},
  author = {段, 平 and 蘇, 昕琪},
  urldate = {2017-08-15},
  date = {2016},
}

@incollection{przeworski_prologue_1991,
  title = {A {{Prologue}}},
  langid = {english},
  booktitle = {Democracy and the {{Market}}: {{Political}} and {{Economic Reforms}} in {{Eastern Europe}} and {{Latin America}}},
  publisher = {{Cambridge University Press}},
  author = {Przeworski, Adam},
  date = {1991-07-26},
  pages = {1--9},
}

@article{boyle_foucault_1997,
  title = {Foucault in {{Cyberspace}}: {{Surveillance}}, {{Sovereignty}}, and {{Hardwired Censors}}},
  volume = {66},
  number = {1},
  journaltitle = {University of Cincinnati Law Review},
  shortjournal = {U. Cin. L. Rev.},
  author = {Boyle, James},
  date = {1997},
  pages = {177--205},
}

@book{austin_province_1954,
  location = {{London}},
  title = {The {{Province}} of {{Jurisprudence Determined}} and {{The Uses}} of the {{Study}} of {{Jurisprudence}}},
  pagetotal = {432},
  publisher = {{Weidenfeld and Nicolson}},
  author = {Austin, John},
  editor = {Berlin, Isaiah and Hampshire, Stuart and Wolfheim, Richard},
  date = {1954}
}

@article{vuori_lexicon_2015,
  title = {The {{Lexicon}} of {{Fear}}: {{Chinese Internet Control Practice}} in {{Sina Weibo Microblog Censorship}}},
  volume = {13},
  issn = {1477-7487},
  shorttitle = {The {{Lexicon}} of {{Fear}}},
  issue = {3/4},
  journaltitle = {Surveillance \& Society},
  author = {Vuori, Juha and Paltemaa, Lauri},
  date = {2015-10-26},
  pages = {400--421},
}

@article{rajagopal_does_2014,
  title = {Does the {{Internet}} Shape a Disciplinary Society? {{The}} Information-Knowledge Paradox},
  volume = {19},
  langid = {english},
  number = {3},
  journaltitle = {First Monday},
  author = {Rajagopal, Indhu},
  doi = {10.5210/fm.v19i3.4109},
  date = {2014-03-06},
}

@book{foucault_security_2007,
  location = {\uk},
  title = {Security, {{Territory}}, {{Population}}: {{Lectures}} at the {{Collège de France}}, 1977 - 78},
  pagetotal = {417},
  langid = {english},
  publisher = {{Palgrave Macmillan}},
  author = {Foucault, Michel},
  editor = {Davidson, Arnold I.},
  translator = {Burchell, Graham},
  date = {2007-03-28},
}
